<?xml version="1.0" encoding="UTF-8"?><record xmlns="http://www.loc.gov/MARC21/slim" xmlns:cinclude="http://apache.org/cocoon/include/1.0" xmlns:zs="http://www.loc.gov/zing/srw/">
  <leader>00534cz  a2200157n  4500</leader>
  <controlfield tag="001">n  95921131 </controlfield>
  <controlfield tag="003">DLC</controlfield>
  <controlfield tag="005">20001108070649.0</controlfield>
  <controlfield tag="008">950918n| acannaabn          |a aaa      </controlfield>
  <datafield tag="010" ind1=" " ind2=" ">
    <subfield code="a">n  95921131 </subfield>
  </datafield>
  <datafield tag="035" ind1=" " ind2=" ">
    <subfield code="a">(OCoLC)oca04030132</subfield>
  </datafield>
  <datafield tag="040" ind1=" " ind2=" ">
    <subfield code="a">DLC</subfield>
    <subfield code="b">eng</subfield>
    <subfield code="c">DLC</subfield>
    <subfield code="d">OCoLC</subfield>
  </datafield>
  <datafield tag="100" ind1="1" ind2=" ">
    <subfield code="a">Lorch, Monica Alves Pimenta</subfield>
  </datafield>
  <datafield tag="400" ind1="1" ind2=" ">
    <subfield code="a">Pimenta Lorch, Monica Alves</subfield>
  </datafield>
  <datafield tag="400" ind1="1" ind2=" ">
    <subfield code="a">Alves Pimenta Lorch, Monica</subfield>
  </datafield>
  <datafield tag="670" ind1=" " ind2=" ">
    <subfield code="a">Pantanal, Brazil's blessed heartland, c1994:</subfield>
    <subfield code="b">t.p. (Monica Alves Pimenta Lorch) front flap of jkt. (b. in Rio de Janeiro, photographer)</subfield>
  </datafield>
</record>